@article{Walrand,
  author  = {J. Walrand and P. Varaiya},
  title   = {Optimal causal coding-decoding problems},
  journal = {IEEE Trans. Inf. Theory},
  volume  = {IT-29},
  number  = {6},
  pages   = {814--820},
  month   = {11},
  year    = {1983}
}

@article{Linder,
  author  = {T. Linder and S. Yüksel},
  title   = {On optimal zero-delay coding of vector Markov sources},
  journal = {IEEE Trans. Inf. Theory},
  volume  = {60},
  number  = {10},
  pages   = {5975--5991},
  month   = {10},
  year    = {2014}
}

@misc{Wood,
  doi       = {10.48550/ARXIV.1606.09135},
  url       = {https://arxiv.org/abs/1606.09135},
  author    = {R. Wood and T.  Linder and S. Yüksel},
  title     = {Optimal Zero Delay Coding of Markov Sources: Stationary and Finite Memory Codes},
  publisher = {arXiv},
  year      = {2016},
  copyright = {arXiv.org perpetual, non-exclusive license}
}

@misc{Kara,
  doi       = {10.48550/ARXIV.2111.06781},
  url       = {https://arxiv.org/abs/2111.06781},
  author    = {Kara, Ali Devran and Saldi, Naci and Yüksel, Serdar},
  title     = {Q-Learning for MDPs with General Spaces: Convergence and Near Optimality via Quantization under Weak Continuity},
  publisher = {arXiv},
  year      = {2021},
  copyright = {Creative Commons Attribution 4.0 International}
}

@article{Reznik,
  author  = {Y.A. Reznik},
  title   = {An algorithm for quantization of dicrete probability distributions},
  journal = {DCC 2011},
  pages   = {333--342},
  month   = {3},
  year    = {2011}
}